<?xml version="1.0" encoding="UTF-8"?>
<collection xmlns:xsi="http://www.w3.org/2001/XMLSchema-instance" xsi:schemaLocation="http://www.loc.gov/MARC21/slim http://www.loc.gov/standards/marcxml/schema/MARC21slim.xsd" xmlns="http://www.loc.gov/MARC21/slim">
<record>
  <leader>00864cam a22002411  4500</leader>
  <controlfield tag="001">3122406</controlfield>
  <controlfield tag="003">NNC</controlfield>
  <controlfield tag="005">20130426022628.0</controlfield>
  <controlfield tag="008">890317m19241952ua            000 0 arard</controlfield>
  <datafield tag="035" ind1=" " ind2=" ">
    <subfield code="a">(OCoLC)ocm19387187</subfield>
  </datafield>
  <datafield tag="035" ind1=" " ind2=" ">
    <subfield code="9">ATV4702CU</subfield>
  </datafield>
  <datafield tag="035" ind1=" " ind2=" ">
    <subfield code="a">(NNC)3122406</subfield>
  </datafield>
  <datafield tag="040" ind1=" " ind2=" ">
    <subfield code="a">CUY</subfield>
    <subfield code="c">CUY</subfield>
    <subfield code="d">ZCU</subfield>
  </datafield>
  <datafield tag="099" ind1=" " ind2=" ">
    <subfield code="a">893.7Ab91</subfield>
    <subfield code="a">DI</subfield>
  </datafield>
  <datafield tag="100" ind1="1" ind2=" ">
    <subfield code="a">Ibn Manẓūr, Muḥammad ibn Mukarram,</subfield>
    <subfield code="d">1232-1311 or 1312.</subfield>
  </datafield>
  <datafield tag="245" ind1="1" ind2="0">
    <subfield code="a">Akhbār Abī Nuwās,</subfield>
    <subfield code="c">taʾlīf Ibn Manzūr.</subfield>
  </datafield>
  <datafield tag="260" ind1=" " ind2=" ">
    <subfield code="a">Miṣr,</subfield>
    <subfield code="b">Maṭbaʻat al-Iʻtimād,</subfield>
    <subfield code="c">1924-1952.</subfield>
  </datafield>
  <datafield tag="300" ind1=" " ind2=" ">
    <subfield code="a">2 v.</subfield>
  </datafield>
  <datafield tag="500" ind1=" " ind2=" ">
    <subfield code="a">Vol. 2 has imprint: Baghdād, Maṭbaʻat al-Maʻārif.</subfield>
  </datafield>
  <datafield tag="500" ind1=" " ind2=" ">
    <subfield code="a">Vol. 1 edited by Muḥammad ʻAbd al-Rasūl Ibrāhīm and ʻAbbās al-Shirbīnī; v. 2 by Shukrī Muḥammad Aḥmad.</subfield>
  </datafield>
  <datafield tag="500" ind1=" " ind2=" ">
    <subfield code="a">Title varies.</subfield>
  </datafield>
  <datafield tag="600" ind1="0" ind2="0">
    <subfield code="a">Abū Nuwās,</subfield>
    <subfield code="d">approximately 756-approximately 810.</subfield>
  </datafield>
  <datafield tag="955" ind1=" " ind2=" ">
    <subfield code="b">0113241516</subfield>
    <subfield code="d">glx</subfield>
    <subfield code="e">893.7Ab91 DI</subfield>
    <subfield code="v">v.1</subfield>
  </datafield>
</record>
</collection>